@article{handwriting,
  author = 	 "A. {Graves} and M. {Liwicki} and S. {Fernández} and R. {Bertolami} and H. {Bunke} and J. {Schmidhuber}",
  title = 	 "A Novel Connectionist System for Improved Unconstrained Handwriting Recognition",
  journal = 	 "IEEE Transactions on Pattern Analysis and Machine Intelligence",
  year = 	 "2009",
  volume = 	 "31",
  pages = 	 "855–868"
}

@book{DRNNS,
    author    = "J.F. Kohlen, S. C. Kremer",
    title     = "A Field Guide to Dynamical Recurrent Networks",
    year      = "2001",
    publisher = " Wiley-IEEE Press",
}

@article{suts,
    author = "I. Sutskever",
    title = "Training Recurrent Neural Networks",
    year = "2013"
}

@article{LSTM,
    author = "S. Hochreiter, J. Schmidhuber",
    title = "Long Short-Term Memory",
    year = "1997"
}

@article{RNN1,
    author = "Williams R. J. and Hinton Geoffrey E. and Rumelhart David E.",
    title = "Learning representations by back-propagating errors",
    year = "1986",
    journal = "Nature",
    volume = "323",
    pages = "533–536"
}
@article{ben,
    author = "Bengio et al.",
    year = "1994",
    title = "Learning long-term dependencies with gradient descent is difficult."
}
@article{hoch,
    author = "Hochreiter",
    year = "1991",
    title = "Untersuchungen zu dynamischen neuronalen netzen",
}

@article{Greff,
    author = "Greff et al.",
    year = "2015",
    title = "LSTM: A Search Space Odyssey",
}

@article{field,
    author = "Hochreiter S. and Bengio Y. and Frasconi P. and Schmidhuber J.",
    year = "2001",
    title = "A Field Guide to Dynamical Recurrent Neural Networks",
    subtitle = "Gradient flow in recurrent nets: the difficulty of learning longterm dependencies",
    publisher = "IEEE press"
}

@misc{Apple,
    author = "Metz, Cade",
    year = "2016",
    title = "Apple is bringing the AI revolution to your iphone",
    publisher = "WIRED",
    note = {Accessed: 2016-06-16}
}
@article{xu,
    author = "Xu et al.",
    year = "2015",
    title = "Show, Attend and Tell: Neural Image Caption Generation with Visual Attention",
}
@INPROCEEDINGS{mayer,
    author = "Mayer et al.",
    year = "2006",
    title = " A system for robotic heart surgery that learns to tie knots using recurrent neural networks",
    booktitle={2006 IEEE/RSJ International Conference on Intelligent Robots and Systems},
    pages={543-548},
}
@article{gs,
    author = "Graves and Schmidhuber",
    year = "2005",
    title = "Framewise phoneme classification with bidirectional LSTM and other neural network architectures",
    journal = "Neural Networks",
    volume = "18",
    pages = "602–610"
}
@incollection{gas,
title = {Offline Handwriting Recognition with Multidimensional Recurrent Neural Networks},
author = {Graves, Alex and Schmidhuber, J\"{u}rgen},
booktitle = {Advances in Neural Information Processing Systems 21},
editor = {D. Koller and D. Schuurmans and Y. Bengio and L. Bottou},
pages = {545--552},
year = {2009},
publisher = {Curran Associates, Inc.},
url = {http://papers.nips.cc/paper/3449-offline-handwriting-recognition-with-multidimensional-recurrent-neural-networks.pdf}
}
@article{ka,
    author = "Kalchbrenner et al.",
    year = "2015",
    title = "Grid Long Short-Term Memory",
}
@article{gr,
    author = "Gregor et al.",
    year = "2015",
    title = "DRAW: A Recurrent Neural Network For Image Generation",
}
@article{ch,
    author = "Chung et al.",
    year = "2015",
    title = "A Recurrent Latent Variable Model for Sequential Data",
}
@article{bo,
    author = "Bayer and Osendorfer",
    year = "2015",
    title = "LEARNING STOCHASTIC RECURRENT NETWORKS",
}

@article{drop,
  author  = {Nitish Srivastava and Geoffrey Hinton and Alex Krizhevsky and Ilya Sutskever and Ruslan Salakhutdinov},
  title   = {Dropout: A Simple Way to Prevent Neural Networks from Overfitting},
  journal = {Journal of Machine Learning Research},
  year    = {2014},
  volume  = {15},
  number  = {56},
  pages   = {1929-1958},
  url     = {http://jmlr.org/papers/v15/srivastava14a.html}
}
@article{droprnn,
  author    = {Wojciech Zaremba and
               Ilya Sutskever and
               Oriol Vinyals},
  title     = {Recurrent Neural Network Regularization},
  journal   = {CoRR},
  volume    = {abs/1409.2329},
  year      = {2014},
  url       = {http://arxiv.org/abs/1409.2329},
  archivePrefix = {arXiv},
  eprint    = {1409.2329},
  timestamp = {Mon, 13 Aug 2018 16:47:17 +0200},
  biburl    = {https://dblp.org/rec/journals/corr/ZarembaSV14.bib},
  bibsource = {dblp computer science bibliography, https://dblp.org}
}
@misc{dropno,
    title={On Fast Dropout and its Applicability to Recurrent Networks},
    author={Justin Bayer and Christian Osendorfer and Daniela Korhammer and Nutan Chen and Sebastian Urban and Patrick van der Smagt},
    year={2013},
    eprint={1311.0701},
    archivePrefix={arXiv},
    primaryClass={stat.ML}
}
@misc{zoneo,
    title={Zoneout: Regularizing RNNs by Randomly Preserving Hidden Activations},
    author={David Krueger and Tegan Maharaj and János Kramár and Mohammad Pezeshki and Nicolas Ballas and Nan Rosemary Ke and Anirudh Goyal and Yoshua Bengio and Aaron Courville and Chris Pal},
    year={2016},
    eprint={1606.01305},
    archivePrefix={arXiv},
    primaryClass={cs.NE}
}
@misc{Merity,
    title={Regularizing and Optimizing LSTM Language Models},
    author={Stephen Merity and Nitish Shirish Keskar and Richard Socher},
    year={2017},
    eprint={1708.02182},
    archivePrefix={arXiv},
    primaryClass={cs.CL}
}
@InProceedings{DropConnect,
  title = 	 {Regularization of Neural Networks using DropConnect},
  author = 	 {Li Wan and Matthew Zeiler and Sixin Zhang and Yann Le Cun and Rob Fergus},
  booktitle = 	 {Proceedings of the 30th International Conference on Machine Learning},
  pages = 	 {1058--1066},
  year = 	 {2013},
  editor = 	 {Sanjoy Dasgupta and David McAllester},
  volume = 	 {28},
  number =       {3},
  series = 	 {Proceedings of Machine Learning Research},
  address = 	 {Atlanta, Georgia, USA},
  publisher = 	 {PMLR},
  pdf = 	 {http://proceedings.mlr.press/v28/wan13.pdf},
  url = 	 {http://proceedings.mlr.press/v28/wan13.html},
}

@article{Zoneout,
  author    = {Kamil Rocki and
               Tomasz Kornuta and
               Tegan Maharaj},
  title     = {Surprisal-Driven Zoneout},
  journal   = {CoRR},
  volume    = {abs/1610.07675},
  year      = {2016},
  url       = {http://arxiv.org/abs/1610.07675},
  archivePrefix = {arXiv},
  eprint    = {1610.07675},
  timestamp = {Mon, 13 Aug 2018 16:48:58 +0200},
  biburl    = {https://dblp.org/rec/journals/corr/RockiKM16.bib},
  bibsource = {dblp computer science bibliography, https://dblp.org}
}
@article{stochdep,
  author    = {Gao Huang and
               Yu Sun and
               Zhuang Liu and
               Daniel Sedra and
               Kilian Q. Weinberger},
  title     = {Deep Networks with Stochastic Depth},
  journal   = {CoRR},
  volume    = {abs/1603.09382},
  year      = {2016},
  url       = {http://arxiv.org/abs/1603.09382},
  archivePrefix = {arXiv},
  eprint    = {1603.09382},
  timestamp = {Sat, 15 Dec 2018 13:25:43 +0100},
  biburl    = {https://dblp.org/rec/journals/corr/HuangSLSW16.bib},
  bibsource = {dblp computer science bibliography, https://dblp.org}
}
@misc{att,
    title={Neural Machine Translation by Jointly Learning to Align and Translate},
    author={Dzmitry Bahdanau and Kyunghyun Cho and Yoshua Bengio},
    year={2014},
    eprint={1409.0473},
    archivePrefix={arXiv},
    primaryClass={cs.CL}
}
@article{tcnvsrnn,
  author    = {Shaojie Bai and
               J. Zico Kolter and
               Vladlen Koltun},
  title     = {An Empirical Evaluation of Generic Convolutional and Recurrent Networks
               for Sequence Modeling},
  journal   = {CoRR},
  volume    = {abs/1803.01271},
  year      = {2018},
  url       = {http://arxiv.org/abs/1803.01271},
  archivePrefix = {arXiv},
  eprint    = {1803.01271},
  timestamp = {Mon, 13 Aug 2018 16:47:39 +0200},
  biburl    = {https://dblp.org/rec/journals/corr/abs-1803-01271.bib},
  bibsource = {dblp computer science bibliography, https://dblp.org}
}
@article{trans,
  author    = {Ashish Vaswani and
               Noam Shazeer and
               Niki Parmar and
               Jakob Uszkoreit and
               Llion Jones and
               Aidan N. Gomez and
               Lukasz Kaiser and
               Illia Polosukhin},
  title     = {Attention Is All You Need},
  journal   = {CoRR},
  volume    = {abs/1706.03762},
  year      = {2017},
  url       = {http://arxiv.org/abs/1706.03762},
  archivePrefix = {arXiv},
  eprint    = {1706.03762},
  timestamp = {Mon, 13 Aug 2018 16:48:37 +0200},
  biburl    = {https://dblp.org/rec/journals/corr/VaswaniSPUJGKP17.bib},
  bibsource = {dblp computer science bibliography, https://dblp.org}
}
@InProceedings{uarnn,
author="Sch{\"a}fer, Anton Maximilian
and Zimmermann, Hans Georg",
editor="Kollias, Stefanos D.
and Stafylopatis, Andreas
and Duch, W{\l}odzis{\l}aw
and Oja, Erkki",
title="Recurrent Neural Networks Are Universal Approximators",
booktitle="Artificial Neural Networks -- ICANN 2006",
year="2006",
publisher="Springer Berlin Heidelberg",
address="Berlin, Heidelberg",
pages="632--640",
isbn="978-3-540-38627-8"
}
@misc{phaselstm,
    title={Phased LSTM: Accelerating Recurrent Network Training for Long or Event-based Sequences},
    author={Daniel Neil and Michael Pfeiffer and Shih-Chii Liu},
    year={2016},
    eprint={1610.09513},
    archivePrefix={arXiv},
    primaryClass={cs.LG}
}
@misc{Clockwork,
    title={A Clockwork RNN},
    author={Jan Koutník and Klaus Greff and Faustino Gomez and Jürgen Schmidhuber},
    year={2014},
    eprint={1402.3511},
    archivePrefix={arXiv},
    primaryClass={cs.NE}
}
@InProceedings{mnist,
    title={Gradient-based learning applied to document recognition},
    author={LeCun et al.},
    year={1998},
    booktitle="Proceedings of the IEEE, 86(11):2278-2324"
}
@INPROCEEDINGS{prunings,
  author={T. Q. {Huynh} and R. {Setiono}},
  booktitle={Proceedings. 2005 IEEE International Joint Conference on Neural Networks, 2005.}, 
  title={Effective neural network pruning using cross-validation}, 
  year={2005},
  volume={2},
  number={},
  pages={972-977 vol. 2},}